
% bibliography.bib: bibliograpy file.

@misc{LOCAL:www/llvmLanguageRef,
  title        = {{LLVM Language Reference Manual}},
  author       = {Chris Lattner and
                  Vikram Adve},
  howpublished = {http://llvm.org/docs/LangRef.html}
}

@misc{LOCAL:www/llvmIntro,
  title        = {{Intro to LLVM}},
  author       = {Chris Lattner},
  howpublished = {http://www.aosabook.org/en/llvm.html}
}

@misc{LOCAL:www/llvmWritingAPass,
  title        = {{Writing an LLVM Pass}},
  author       = {LLVM Community},
  howpublished = {https://llvm.org/docs/WritingAnLLVMNewPMPass.html}
}

@misc{LOCAL:www/llvmDoxygen,
  title        = {{Doxygen annotations}},
  author       = {LLVM Community},
  howpublished = {http://llvm.org/doxygen/annotated.html}
}

@misc{LOCAL:www/llvmCodingStandards,
  title        = {{LLVM Coding Standards}},
  author       = {LLVM Community},
  howpublished = {http://llvm.org/docs/CodingStandards.html}
}

@misc{LOCAL:www/llvmPasses,
  title        = {{LLVM Passes}},
  author       = {LLVM Community},
  howpublished = {http://llvm.org/docs/Passes.html}
}

@misc{LOCAL:www/llvmVectorizers,
  title        = {{Autovectorization in LLVM}},
  author       = {LLVM Community},
  howpublished = {http://llvm.org/docs/Vectorizers.html}
}

@misc{LOCAL:www/llvmProgrammerManual,
  title        = {{LLVM Programmer's Manual}},
  author       = {LLVM Community},
  howpublished = {http://llvm.org/docs/ProgrammersManual.html}
}

@misc{LOCAL:www/llvmDiscourse,
  title        = {{LLVM Discourse Forum}},
  author       = {LLVM Community},
  howpublished = {https://discourse.llvm.org}
}
