%% This BibTeX bibliography file was created using BibDesk.
%% http://bibdesk.sourceforge.net/


%% Created for Daniele Cattaneo at 2020-04-27 9:24:26 PM +0200 


%% Saved with string encoding Unicode (UTF-8) 



@url{LOCAL:www/LLVMlogo,
	Author = {Apple Inc.},
	Date-Modified = {2020-04-27 9:24:19 PM +0200},
	Howpublished = {http://llvm.org/Logo.html},
	Title = {LLVM Logo},
	Url = {http://llvm.org/Logo.html}}

@book{Aho:1977:PCD:1095594,
	Address = {Boston, MA, USA},
	Author = {Aho, Alfred V. and Ullman, Jeffrey D.},
	Isbn = {0201000229},
	Publisher = {Addison-Wesley Longman Publishing Co., Inc.},
	Title = {Principles of Compiler Design (Addison-Wesley Series in Computer Science and Information Processing)},
	Year = {1977}}
