
% bibliography.bib: bibliograpy file.

@misc{LOCAL:www/Torvalds00,
  title        = {{Re: SCO: "thread creation is about a thousand times faster
                   than onnative}},
  author       = {Linus Torvalds},
  howpublished = {https://lkml.org/lkml/2000/8/25/132}
}

@misc{LOCAL:www/Eckel00,
  title        = {{Thinking in C++ -- Volume One: Introduction to Standard
                   C++}},
  author       = {Bruce Eckel},
  howpublished = {http://mindview.net/Books/TICPP/ThinkingInCPP2e.html}
}

@misc{LOCAL:www/EckelA03,
  title        = {{Thinking in C++ -- Volume Two: Practical Programming}},
  author       = {Bruce Eckel and
                  Chuck Allison},
  howpublished = {http://mindview.net/Books/TICPP/ThinkingInCPP2e.html}
}

@misc{LOCAL:www/open64,
  title        = {Open64},
  author       = {AMD},
  howpublished = {http://developer.amd.com/tools-and-sdks/cpu-development/x86-open64-compiler-suite}
}

@misc{LOCAL:www/gcc,
  title        = {{GNU Compiler Collection}},
  author       = {GNU},
  howpublished = {http://gcc.gnu.org}
}

@misc{LOCAL:www/llvm,
  title        = {{Low Level Virtual Machine}},
  author       = {University of Illinois at Urbana-Champaign},
  howpublished = {http://www.llvm.org}
}

@misc{LOCAL:www/llvmLanguageRef,
  title        = {{LLVM Language Reference Manual}},
  author       = {Chris Lattner and
                  Vikram Adve},
  howpublished = {http://llvm.org/docs/LangRef.html}
}

@misc{LOCAL:www/llvmWritingAPass,
  title        = {{Writing an LLVM Pass}},
  author       = {Chris Lattner and
                  Jim Laskey},
  howpublished = {http://llvm.org/docs/WritingAnLLVMPass.html}
}

@misc{LOCAL:www/llvmTesting,
  title        = {{LLVM Testing Infrastructure Guide}},
  author       = {John T. Criswell and
                  Daniel Dunbar and
                  Reid Spencer and
                  Tanya Lattner},
  howpublished = {http://llvm.org/docs/TestingGuide.html}
}

@misc{LOCAL:www/clang,
  title        = {{Clang: a C language family frontend for LLVM}},
  author       = {University of Illinois at Urbana-Champaign},
  howpublished = {http://clang.llvm.org}
}

@misc{LOCAL:www/llvmCodingStandards,
  title        = {{LLVM Coding Standards}},
  author       = {LLVM Community},
  howpublished = {http://llvm.org/docs/CodingStandards.html}
}

@misc{LOCAL:www/llvmPasses,
  title        = {{LLVM Passes}},
  author       = {LLVM Community},
  howpublished = {http://llvm.org/docs/Passes.html}
}

@misc{LOCAL:www/llvmVectorizers,
  title        = {{Autovectorization in LLVM}},
  author       = {LLVM Community},
  howpublished = {http://llvm.org/docs/Vectorizers.html}
}

@misc{LOCAL:www/llvmProgrammerManual,
  title        = {{LLVM Programmer's Manual}},
  author       = {LLVM Community},
  howpublished = {http://llvm.org/docs/ProgrammersManual.html}
}

@misc{LOCAL:www/cotPasses,
  title        = {{Compiler Optimization and Transformation Passes}},
  author       = {Ettore Speziale},
  howpublished = {https://github.com/speziale-ettore/COTPasses}
}

@misc{LOCAL:www/proGit,
  title        = {{Pro Git}},
  author       = {Scott Chacon},
  howpublished = {http://git-scm.com/book}
}
