
% bibliography.bib: bibliograpy file.

@misc{LOCAL:www/llvmLanguageRef,
  title        = {{LLVM Language Reference Manual}},
  author       = {Chris Lattner and
                  Vikram Adve},
  howpublished = {http://llvm.org/docs/LangRef.html}
}

@misc{LOCAL:www/llvmWritingAPass,
  title        = {{Writing an LLVM Pass}},
  author       = {Chris Lattner and
                  Jim Laskey},
  howpublished = {http://llvm.org/docs/WritingAnLLVMPass.html}
}

@misc{LOCAL:www/llvmCodingStandards,
  title        = {{LLVM Coding Standards}},
  author       = {LLVM Community},
  howpublished = {http://llvm.org/docs/CodingStandards.html}
}

@misc{LOCAL:www/llvmPasses,
  title        = {{LLVM Passes}},
  author       = {LLVM Community},
  howpublished = {http://llvm.org/docs/Passes.html}
}

@misc{LOCAL:www/llvmVectorizers,
  title        = {{Autovectorization in LLVM}},
  author       = {LLVM Community},
  howpublished = {http://llvm.org/docs/Vectorizers.html}
}

@misc{LOCAL:www/llvmProgrammerManual,
  title        = {{LLVM Programmer's Manual}},
  author       = {LLVM Community},
  howpublished = {http://llvm.org/docs/ProgrammersManual.html}
}

@misc{LOCAL:www/cotPasses,
  title        = {{Compiler Optimization and Transformation Passes}},
  author       = {{Ettore Speziale}},
  howpublished = {https://github.com/speziale-ettore/COTPasses}
}

@misc{LOCAL:www/cotPassesTrunk,
  title        = {{Compiler Optimization and Transformation Passes}},
  author       = {{Michele Scandale (forked from Ettore Speziale)}},
  howpublished = {https://github.com/michele-scandale/COTPasses}
}

