
% bibliography.bib: bibliograpy file.

@misc{LOCAL:www/LLVMlogo,
  title        = {LLVM Logo},
  author       = {Apple Inc.},
  howpublished = {http://llvm.org/Logo.html}
}

@book{Aho:1977:PCD:1095594,
 author = {Aho, Alfred V. and Ullman, Jeffrey D.},
 title = {Principles of Compiler Design (Addison-Wesley Series in Computer Science and Information Processing)},
 year = {1977},
 isbn = {0201000229},
 publisher = {Addison-Wesley Longman Publishing Co., Inc.},
 address = {Boston, MA, USA},
}

@book{Aho:1986:CPT:6448,
 author = {Aho, Alfred V. and Sethi, Ravi and Ullman, Jeffrey D.},
 title = {Compilers: Principles, Techniques, and Tools},
 year = {1986},
 isbn = {0-201-10088-6},
 publisher = {Addison-Wesley Longman Publishing Co., Inc.},
 address = {Boston, MA, USA},
}

@book{Aho:2006:CPT:1177220,
 author = {Aho, Alfred V. and Lam, Monica S. and Sethi, Ravi and Ullman, Jeffrey D.},
 title = {Compilers: Principles, Techniques, and Tools (2Nd Edition)},
 year = {2006},
 isbn = {0321486811},
 publisher = {Addison-Wesley Longman Publishing Co., Inc.},
 address = {Boston, MA, USA},
}
