%% This BibTeX bibliography file was created using BibDesk.
%% http://bibdesk.sourceforge.net/


%% Created for Daniele Cattaneo at 2020-04-27 4:58:23 PM +0200 


%% Saved with string encoding Unicode (UTF-8) 



@book{hennessy2011computer,
	Author = {Hennessy, John L and Patterson, David A},
	Date-Added = {2020-04-27 4:58:05 PM +0200},
	Date-Modified = {2020-04-27 4:58:05 PM +0200},
	Publisher = {Elsevier},
	Title = {Computer architecture: a quantitative approach},
	Year = {2011}}
