%% This BibTeX bibliography file was created using BibDesk.
%% http://bibdesk.sourceforge.net/


%% Created for Daniele Cattaneo at 2020-05-18 3:32:22 AM +0200 


%% Saved with string encoding Unicode (UTF-8) 



@article{dwarftut,
	Author = {Michael J. Eager},
	Date-Added = {2020-05-18 3:29:39 AM +0200},
	Date-Modified = {2020-05-18 3:32:19 AM +0200},
	Title = {Introduction to the DWARF Debugging Format},
	Url = {http://dwarfstd.org/doc/Debugging%20using%20DWARF-2012.pdf},
	Year = {2010}}

@book{dwarf4std,
	Date-Added = {2020-05-18 3:27:03 AM +0200},
	Date-Modified = {2020-05-18 3:28:27 AM +0200},
	Publisher = {DWARF Debugging Information Format Committee},
	Title = {DWARF Debugging Information Format -- Version 4},
	Url = {http://dwarfstd.org/doc/DWARF4.pdf},
	Year = {2010}}

@misc{dwarf-site,
	Date-Added = {2020-05-18 3:26:31 AM +0200},
	Date-Modified = {2020-05-18 3:26:58 AM +0200},
	Howpublished = {\url{http://dwarfstd.org}},
	Title = {DWARF Debugging Standard Website}}
